<?xml version="1.0" encoding="UTF-8"?><collection xmlns="http://www.loc.gov/MARC21/slim"><record><leader>00397nam--2200109-i-4500</leader><controlfield tag="001">000028142</controlfield><controlfield tag="002">20161230</controlfield><controlfield tag="005">20161230201037</controlfield><controlfield tag="008">060222s1000------------r-----000-0-eng-d</controlfield><datafield ind1=" " ind2=" " tag="245"><subfield code="a">Lehre-forschung praxis. die karl-marx-universitat leipzig sum zenten jahrestag ihrer namensgebung am 5 mai 1963. hrsg.von g.harig und m.steinmetz</subfield></datafield><datafield ind1=" " ind2=" " tag="260"><subfield code="a">Leipzig, Teubner Verlagsgesellschaft, 1963, 509p</subfield></datafield><datafield ind1=" " ind2=" " tag="852"><subfield code="a">9532</subfield></datafield></record></collection>